<?xml version="1.0" encoding="UTF-8"?><collection xmlns="http://www.loc.gov/MARC21/slim"><record><leader>00481nam--2200157-i-4500</leader><controlfield tag="001">000001664</controlfield><controlfield tag="002">20161230</controlfield><controlfield tag="005">20161230201024</controlfield><controlfield tag="008">060222s1000------------r-----000-0-eng-d</controlfield><datafield ind1=" " ind2=" " tag="080"><subfield code="a">517.43:513.882</subfield></datafield><datafield ind1=" " ind2=" " tag="100"><subfield code="a">Douglas, Ronald G</subfield></datafield><datafield ind1=" " ind2=" " tag="245"><subfield code="a">Banach algebra techniques in operator theory</subfield></datafield><datafield ind1=" " ind2=" " tag="260"><subfield code="a">New York, Academic Press, 1972. Xii + 215 P</subfield></datafield><datafield ind1=" " ind2=" " tag="490"><subfield code="a">Pure And Applied Mathematics.A Series Of Monographs And Textbooks</subfield></datafield><datafield ind1=" " ind2=" " tag="852"><subfield code="a">13669</subfield><subfield code="c">51</subfield></datafield><datafield ind1=" " ind2=" " tag="CAT"><subfield code="a">Sys</subfield><subfield code="c">20080522</subfield><subfield code="h">105334</subfield></datafield></record></collection>